@ARTICLE{hughes1989functional,
  title={Why functional programming matters},
  author={Hughes, John},
  journal={The computer journal},
  volume={32},
  number={2},
  pages={98--107},
  year={1989},
  publisher={Br Computer Soc}
}

@ONLINE{harbuorg,
    title = {harbu.org},
    year = {2013},
    month = november,
    url = {http://www.harbu.org}
}
